%% This BibTeX bibliography file was created using BibDesk.
%% http://bibdesk.sourceforge.net/


%% Created for Till J. Ernst at 2013-11-18 19:10:20 +0100 


%% Saved with string encoding Unicode (UTF-8) 



@book{Foehr2006,
	Abstract = {This is a new area for researchers. With the exception of anecdotal evidence and a few surveys, researchers have little information about the extent and nature of adolescent media multitasking. The questions we are investigating are new: questions such as ``how.},
	Author = {Foehr, Ulla G},
	Publisher = {Henry J. Kaiser Family Foundation Menlo Park, CA},
	Title = {{Media multitasking among American youth: Prevalence, predictors and pairings}},
	Volume = {7592},
	Year = {2006}}

@book{Klingberg2008,
	Abstract = {Sie sind soeben in einen Raum gegangen, vermutlich, um etwas zu holen, doch Sie sind sich nicht ganz sicher. Denn Sie starren die Wand an und versuchen sich zu erinnern, was es noch gleich war, das Sie tun wollten. Diese Anweisung an sich selbst, die Sie gerade.},
	Author = {Klingberg, Torkel},
	Publisher = {CH Beck},
	Title = {{Multitasking: Wie man die Informationsflut bew{\"a}ltigt ohne den Verstand zu verlieren}},
	Year = {2008}}

@article{Lu1995,
	Abstract = {Abstract Psychosocial factors that may influence subjective well-being were examined. A random sample of 581 Chinese adults living in a metropolitan Taiwanese city completed questionnaires concerning demographic variables, personality traits, life stress, and social.},
	Author = {Lu, Luo},
	Journal = {The Journal of Social Psychology},
	Number = {3},
	Pages = {351-357},
	Title = {{The relationship between subjective well-being and psychosocial variables in Taiwan}},
	Volume = {135},
	Year = {1995}}

@article{Ng2009,
	Abstract = {Abstract Data from the Gallup World Poll highlighted the differential relations between perceived stress, well-being, and wealth at the individual- versus nation-level. At the nation level, stress was a distinct concept from negative affect (NA). It correlated positively with well-being (.},
	Author = {Ng, Weiting and Diener, Ed and Aurora, Raksha and Harter, James},
	Journal = {Social Indicators Research},
	Number = {2},
	Pages = {257-271},
	Title = {Affluence, feelings of stress, and well-being},
	Volume = {94},
	Year = {2009}}

@article{Pea2012,
	Abstract = {When using a medium, the average 8- to 12-year-old girl uses 1.4 (SD = 1.00) other mediaconcurrently; that is, the. of media use are presented in Table 1. TABLES AND FIGURES. Table1. Correlation Matrix for Hours of Media Use and Face-to-Face Communication.},
	Author = {Pea, Roy and Nass, Clifford and Meheula, Lyn and Rance, Marcus and Kumar, Aman and Bamford, Holden and Nass, Matthew and Simha, Aneesh and Stillerman, Benjamin and Yang, Steven},
	Journal = {Developmental psychology},
	Number = {2},
	Pages = {327},
	Title = {{Media use, face-to-face communication, media multitasking, and social well-being among 8-to 12-year-old girls}.},
	Volume = {48},
	Year = {2012}}

@article{Robinson1999,
	Abstract = {Abstract This report investigates the character and consequences of part-time work by school students. It looks at students' experience of part-time work; the measured effects of part-time work on schooling; and the initial labour market outcomes of employment during.},
	Author = {Robinson, Lyn},
	Journal = {LSAY Research Reports},
	Title = {The effects of part-time work on school students},
	Year = {1999}}

@article{Rosen2013,
	Abstract = {This study systematically tested whether the use of specific technologies or media (including certain types of Facebook use), technology-related anxieties, and technology-related attitudes (including multitasking preference) would predict clinical symptoms of six.},
	Author = {Rosen, Larry D and Whaling, K and Rab, S and Carrier, L Mark and Cheever, Nancy A},
	Journal = {Computers in Human Behavior},
	Title = {Is Facebook creating ``iDisorders''''? The link between clinical symptoms of psychiatric disorders and technology use, attitudes and anxiety},
	Year = {2013}}

@article{Salamonson2006,
	Abstract = {Aim. This paper reports a study examining the influence of age, ethnicity and part-time employment on nursing students' academic performance for second year pathophysiology and nursing practice subjects. Background. Age and ethnicity are known to be significant.},
	Author = {Salamonson, Yenna and Andrew, Sharon},
	Journal = {Journal of Advanced Nursing},
	Number = {3},
	Pages = {342-349},
	Title = {Academic performance in nursing students: influence of part‚Äêtime employment, age and ethnicity},
	Volume = {55},
	Year = {2006}}

@article{Sanbonmatsu2013,
	Abstract = {In examining who multi-tasks, the study provides an initial understanding of why peoplemulti-task. [8] who found that high. Our research extends this important work by providing moredirect evidence that lower multi-tasking ability is associated with greater multi-tasking activity.},
	Author = {Sanbonmatsu, David M and Strayer, David L and Medeiros-Ward, Nathan and Watson, Jason M},
	Journal = {PloS one},
	Number = {1},
	Pages = {e54402},
	Title = {Who multi-tasks and why? Multi-tasking ability, perceived multi-tasking ability, impulsivity, and sensation seeking},
	Volume = {8},
	Year = {2013}}

@article{Shih2013,
	Abstract = {Abstract There is a rapidly increasing trend in media-media multitasking or MMM (using two or more media concurrently). In a recent conference, scholars from diverse disciplines expressed concerns that indulgence in MMM may compromise well-being and/or.},
	Author = {Shih, Shui-I},
	Journal = {PloS one},
	Number = {5},
	Pages = {e64508},
	Title = {A Null Relationship between Media Multitasking and Well-Being},
	Volume = {8},
	Year = {2013}}

@book{Luhmann:2013,
	Address = {Weinheim, Basel},
	Author = {Luhmann, M},
	Date-Modified = {2013-11-18 18:10:19 +0000},
	Edition = {3},
	Publisher = {Beltz Verlag},
	Title = {R f{\"u}r Einsteiger: Einf{\"u}hrung in die Statistiksoftware f{\"u}r die Sozialwissenschaften},
	Year = {2013}}
